% Add the references below. You need to run bibtex and then latex
%  over the report to see the updated references.

% Authors are alphabetized by last names.  When an author is an institutions,
%  the name is enclosed in curly brackets to force alphabetizing by the
%  first letter of the name , e.g., {American Mathematical Society}, as in
%  an entry below.

\nocite{*}

@online{growth,
    AUTHOR ={ {Jonathan Shieber} },
     TITLE ={ Video game revenue tops \$43 billion in 2018, an 18\% jump from 2017},
      url = {https://techcrunch.com/2019/01/22/video-game-revenue-tops-43-billion\\-in-2018-an-18-jump-from-2017/},
      urldate = {2019-08-24},
 PUBLISHER = {TechCrunch},
} 

@online{amd,
  author = {Dave James},
  title = {{Even without Navi AMD is gaining GPU market shareâ€¦ just not from Nvidia} Kernel Description},
  year = 2019,
  url = {https://www.pcgamesn.com/amd/gpu-market-share-gains-from-intel-not-nvidia},
  urldate = {2019-01-07}
}



@online{stats,
  title = {{2019 Essential Facts About the Computer and Video Game Industry} Kernel Description},
  year = 2019,
  url = {https://www.theesa.com/esa-research/2019-essential-facts-about-the-computer-and-video-game-industry/},
  urldate = {2019-24-08}
}


@ARTICLE{Birkhoff:1932,
AUTHOR= "{Birkhoff, George David}",
TITLE= "``{A Set of Postulates for Plane Geometry (Based on Scale and Protractors)}''",
JOURNAL="Annals of Mathematics",
VOLUME="33",
YEAR= "1932",
}


@inproceedings{taxonomy,
  title={What went wrong: a taxonomy of video game bugs},
  author={Lewis, Chris and Whitehead, Jim and Wardrip-Fruin, Noah},
  booktitle={Proceedings of the fifth international conference on the foundations of digital games},
  pages={108--115},
  year={2010},
  organization={ACM}
}

@article{creative,
  title={Creative uses of software errors: Glitches and cheats},
  author={Bainbridge, Wilma Alice and Bainbridge, William Sims},
  journal={Social Science Computer Review},
  volume={25},
  number={1},
  pages={61--77},
  year={2007},
  publisher={Sage Publications Sage CA: Thousand Oaks, CA}
}

@incollection{NIPS2012_4824,
title = {ImageNet Classification with Deep Convolutional Neural Networks},
author = {Alex Krizhevsky and Sutskever, Ilya and Hinton, Geoffrey E},
booktitle = {Advances in Neural Information Processing Systems 25},
editor = {F. Pereira and C. J. C. Burges and L. Bottou and K. Q. Weinberger},
pages = {1097--1105},
year = {2012},
publisher = {Curran Associates, Inc.},
url = {http://papers.nips.cc/paper/4824-imagenet-classification-with-deep-convolutional-neural-networks.pdf}
}

@INPROCEEDINGS{Cortes95support-vectornetworks,
    author = {Corinna Cortes and Vladimir Vapnik},
    title = {Support-Vector Networks},
    booktitle = {Machine Learning},
    year = {1995},
    pages = {273--297}
}


@article{doi:10.1080/14786440109462720,
author = { Karl   Pearson   F.R.S. },
title = {LIII. On lines and planes of closest fit to systems of points in space},
journal = {The London, Edinburgh, and Dublin Philosophical Magazine and Journal of Science},
volume = {2},
number = {11},
pages = {559-572},
year  = {1901},
publisher = {Taylor & Francis},
doi = {10.1080/14786440109462720},

URL = { 
        https://doi.org/10.1080/14786440109462720
    
},
eprint = { 
        https://doi.org/10.1080/14786440109462720
    
}

}


@INPROCEEDINGS{1467360, 
author={N. {Dalal} and B. {Triggs}}, 
booktitle={2005 IEEE Computer Society Conference on Computer Vision and Pattern Recognition (CVPR'05)}, 
title={Histograms of oriented gradients for human detection}, 
year={2005}, 
volume={1}, 
number={}, 
pages={886-893 vol. 1}, 
keywords={object detection;support vector machines;object recognition;feature extraction;gradient methods;histograms of oriented gradients;human detection;robust visual object recognition;linear SVM;edge based descriptors;gradient based descriptors;fine-scale gradients;fine orientation binning;coarse spatial binning;contrast normalization;overlapping descriptor;pedestrian database;Histograms;Humans;Robustness;Object recognition;Support vector machines;Object detection;Testing;Image edge detection;High performance computing;Image databases}, 
doi={10.1109/CVPR.2005.177}, 
ISSN={1063-6919}, 
month={June},}


@online{WinNT,
    author = {Satya Mallick},
  title = {Histogram of Oriented Gradients},
  year = 2016,
  url = {www.learnopencv.com/histogram-of-oriented-gradients/},
  urldate = {2019-07-24}
}

@ARTICLE{Lloyd82leastsquares,
    author = {Stuart P. Lloyd},
    title = {Least squares quantization in pcm},
    journal = {IEEE Transactions on Information Theory},
    year = {1982},
    volume = {28},
    pages = {129--137}
}

@inproceedings{russians,
  title={A Method Of Periodic Pattern Detection On Document Images},
  author={Timofey S. Chernov and Vitali M. Kliatskine and Dmitry P. Nikolaev},
  booktitle={ECMS},
  year={2015}
}
@book{Burger,
 author = {Burger, Wilhelm and Burge, Mark J.},
 title = {Digital Image Processing: An Algorithmic Introduction Using Java},
 year = {2016},
 isbn = {1447166833, 9781447166832},
 edition = {2nd},
 publisher = {Springer Publishing Company, Incorporated},
} 


@article{logistic,
author = {Peng, Joanne and Lida Lee, Kuk and M. Ingersoll, Gary},
year = {2002},
month = {09},
pages = {3-14},
title = {An Introduction to Logistic Regression Analysis and Reporting},
volume = {96},
journal = {Journal of Educational Research - J EDUC RES},
doi = {10.1080/00220670209598786}
}



@article{soft_svm,
author = {Chen, Di-Rong and Wu, Qiang and Ying, Yiming and Zhou, Ding-Xuan},
year = {2004},
month = {09},
pages = {1143-1175},
title = {Support Vector Machine Soft Margin Classifiers: Error Analysis.},
volume = {5},
journal = {Journal of Machine Learning Research}
}


@article{cnn,
author = {Krizhevsky, Alex and Sutskever, Ilya and E. Hinton, Geoffrey},
year = {2012},
month = {01},
pages = {},
title = {ImageNet Classification with Deep Convolutional Neural Networks},
volume = {25},
journal = {Neural Information Processing Systems},
doi = {10.1145/3065386}
}


@article{gan,
author = {Goodfellow, Ian and Pouget-Abadie, Jean and Mirza, Mehdi and Xu, Bing and Warde-Farley, David and Ozair, Sherjil and Courville, Aaron and Bengio, Y},
year = {2014},
month = {06},
pages = {},
title = {Generative Adversarial Networks},
volume = {3},
journal = {Advances in Neural Information Processing Systems}
}


@unknown{style_gan,
author = {Karras, Tero and Laine, Samuli and Aila, Timo},
year = {2018},
month = {12},
pages = {},
title = {A Style-Based Generator Architecture for Generative Adversarial Networks}
}



@article{randomized_svd,
author = {Halko, Nathan and Martinsson, Per-Gunnar and A. Tropp, Joel},
year = {2011},
month = {01},
pages = {217-288},
title = {Finding Structure with Randomness: Probabilistic Algorithms for Constructing Approximate Matrix Decompositions},
volume = {53},
journal = {SIAM Review},
doi = {10.1137/090771806}
}



@ARTICLE{graph_lap,
       author = {{Verdoja}, Francesco and {Grangetto}, Marco},
        title = "{Graph Laplacian for Image Anomaly Detection}",
      journal = {arXiv e-prints},
     keywords = {Electrical Engineering and Systems Science - Image and Video Processing, Computer Science - Computer Vision and Pattern Recognition, Electrical Engineering and Systems Science - Signal Processing},
         year = "2018",
        month = "Feb",
          eid = {arXiv:1802.09843},
        pages = {arXiv:1802.09843},
archivePrefix = {arXiv},
       eprint = {1802.09843},
 primaryClass = {eess.IV},
       adsurl = {https://ui.adsabs.harvard.edu/abs/2018arXiv180209843V},
      adsnote = {Provided by the SAO/NASA Astrophysics Data System}
}


@article{RX_detector,
author = {Ma, Ning and Peng, Yu and Wang, Shaojun and Leong, Philip},
year = {2018},
month = {02},
pages = {693},
title = {An Unsupervised Deep Hyperspectral Anomaly Detector},
volume = {18},
journal = {Sensors},
doi = {10.3390/s18030693}
}


@inproceedings{Gupta2013SobelED,
  title={Sobel Edge Detection Algorithm},
  author={Samta Gupta and Susmita Ghosh Mazumdar and M. Tech Deptt Student},
  year={2013}
}



@INPROCEEDINGS{7025824, 
author={H. {Ren} and Z. {Li}}, 
booktitle={2014 IEEE International Conference on Image Processing (ICIP)}, 
title={Object detection using edge histogram of oriented gradient}, 
year={2014}, 
volume={}, 
number={}, 
pages={4057-4061}, 
keywords={convergence;edge detection;feature extraction;object detection;object detection problem;gradient feature;edge-HOG;edge pattern;feature extraction method;structural information;gravity centers;object local shape information;pedestrian detection;car detection tasks;edge histogram of oriented gradient;Image edge detection;Feature extraction;Histograms;Training;Vectors;Object detection;Equations;Object detection;HOG;Edge-HOG;local feature;gradient histogram}, 
doi={10.1109/ICIP.2014.7025824}, 
ISSN={1522-4880}, 
month={Oct},}



@ARTICLE{cnn_anomaly1,
       author = {{Chalapathy}, Raghavendra and {Krishna Menon}, Aditya and
         {Chawla}, Sanjay},
        title = "{Anomaly Detection using One-Class Neural Networks}",
      journal = {arXiv e-prints},
     keywords = {Computer Science - Machine Learning, Computer Science - Neural and Evolutionary Computing, Statistics - Machine Learning},
         year = "2018",
        month = "Feb",
          eid = {arXiv:1802.06360},
        pages = {arXiv:1802.06360},
archivePrefix = {arXiv},
       eprint = {1802.06360},
 primaryClass = {cs.LG},
       adsurl = {https://ui.adsabs.harvard.edu/abs/2018arXiv180206360C},
      adsnote = {Provided by the SAO/NASA Astrophysics Data System}
}



@ARTICLE{cnn_anomaly2,
       author = {{Beggel}, Laura and {Pfeiffer}, Michael and {Bischl}, Bernd},
        title = "{Robust Anomaly Detection in Images using Adversarial Autoencoders}",
      journal = {arXiv e-prints},
     keywords = {Computer Science - Machine Learning, Computer Science - Computer Vision and Pattern Recognition, Statistics - Machine Learning},
         year = "2019",
        month = "Jan",
          eid = {arXiv:1901.06355},
        pages = {arXiv:1901.06355},
archivePrefix = {arXiv},
       eprint = {1901.06355},
 primaryClass = {cs.LG},
       adsurl = {https://ui.adsabs.harvard.edu/abs/2019arXiv190106355B},
      adsnote = {Provided by the SAO/NASA Astrophysics Data System}
}





@article{pca_reduction,
author = {van der Maaten, Laurens and Postma, Eric and Herik, H},
year = {2007},
month = {01},
pages = {},
title = {Dimensionality Reduction: A Comparative Review},
volume = {10},
journal = {Journal of Machine Learning Research - JMLR}
}


@article{pca_via_svd,
author = {E. Wall, Michael and Rechtsteiner, Andreas and Rocha, Luis},
year = {2002},
month = {09},
pages = {},
title = {Singular Value Decomposition and Principal Component Analysis},
volume = {5},
journal = {In A Practical Approach to Microarray Data Analysis},
doi = {10.1007/0-306-47815-3_5}
}


@article{random_svd2,
  title={Randomized Matrix Decompositions using R},
  author={N. Benjamin Erichson and Sergey Voronin and Steven L. Brunton and J. Nathan Kutz},
  journal={ArXiv},
  year={2016},
  volume={abs/1608.02148}
}


@article{loss_function,
author = {Janocha, Katarzyna and Czarnecki, Wojciech},
year = {2017},
month = {02},
pages = {},
title = {On Loss Functions for Deep Neural Networks in Classification},
volume = {25},
journal = {Schedae Informaticae},
doi = {10.4467/20838476SI.16.004.6185}
}

@article{Cooley,
      author         = "Cooley, James W. and Tukey, John W.",
      title          = "{An Algorithm for the Machine Calculation of Complex
                        Fourier Series}",
      journal        = "Math. Comput.",
      volume         = "19",
      year           = "1965",
      pages          = "297-301",
      doi            = "10.1090/S0025-5718-1965-0178586-1",
      SLACcitation   = "%%CITATION = MCMPA,19,297;%%"
      }
      
      
      
     
     
@article{delauny,
author = {Lee, D and J. Schachter, B},
year = {1980},
month = {06},
pages = {219-242},
title = {Two Algorithms for Constructing a Delaunay Triangulation},
volume = {9},
journal = {International Journal of Parallel Programming},
doi = {10.1007/BF00977785}
}

@article{scikit-learn,
 title={Scikit-learn: Machine Learning in {P}ython},
 author={Pedregosa, F. and Varoquaux, G. and Gramfort, A. and Michel, V.
         and Thirion, B. and Grisel, O. and Blondel, M. and Prettenhofer, P.
         and Weiss, R. and Dubourg, V. and Vanderplas, J. and Passos, A. and
         Cournapeau, D. and Brucher, M. and Perrot, M. and Duchesnay, E.},
 journal={Journal of Machine Learning Research},
 volume={12},
 pages={2825--2830},
 year={2011}
}

@Inbook{Ting2010,
author="Ting, Kai Ming",
editor="Sammut, Claude
and Webb, Geoffrey I.",
title="Precision and Recall",
bookTitle="Encyclopedia of Machine Learning",
year="2010",
publisher="Springer US",
address="Boston, MA",
pages="781--781",
isbn="978-0-387-30164-8",
doi="10.1007/978-0-387-30164-8_652",
url="https://doi.org/10.1007/978-0-387-30164-8_652"
}

@article{dilation,
author = {Kollem, Sreedhar and Panlal, B},
year = {2012},
month = {03},
pages = {},
title = {Enhancement of Images Using Morphological Transformations},
volume = {4},
journal = {International Journal of Computer Science and Information Technology},
doi = {10.5121/ijcsit.2012.4103}
}

@inproceedings{shader,
  title={Shader performance analysis on a modern GPU architecture},
  author={Moya, Victor and Gonzalez, Carlos and Roca, Jordi and Fernandez, Agustin and Espasa, Roger},
  booktitle={Proceedings of the 38th annual IEEE/ACM International Symposium on Microarchitecture},
  pages={355--364},
  year={2005},
  organization={IEEE Computer Society}
}



@article{watershed,
author = {K V, Lalitha and .R, Amrutha and Michahial, Stafford and Shivakumar M, Dr},
year = {2016},
month = {12},
pages = {196-199},
title = {Implementation of Watershed Segmentation},
volume = {5},
journal = {IJARCCE},
doi = {10.17148/IJARCCE.2016.51243}
}