%GAN
@incollection{NIPS2014_5423,
title = {Generative Adversarial Nets},
author = {Goodfellow, Ian and Pouget-Abadie, Jean and Mirza, Mehdi and Xu, Bing and Warde-Farley, David and Ozair, Sherjil and Courville, Aaron and Bengio, Yoshua},
booktitle = {Advances in Neural Information Processing Systems 27},
editor = {Z. Ghahramani and M. Welling and C. Cortes and N. D. Lawrence and K. Q. Weinberger},
pages = {2672--2680},
year = {2014},
publisher = {Curran Associates, Inc.},
url = {http://papers.nips.cc/paper/5423-generative-adversarial-nets.pdf}
}


% AlexNet
@inproceedings{Krizhevsky:2012:ICD:2999134.2999257,
 author = {Krizhevsky, Alex and Sutskever, Ilya and Hinton, Geoffrey E.},
 title = {ImageNet Classification with Deep Convolutional Neural Networks},
 booktitle = {Proceedings of the 25th International Conference on Neural Information Processing Systems - Volume 1},
 series = {NIPS'12},
 year = {2012},
 location = {Lake Tahoe, Nevada},
 pages = {1097--1105},
 numpages = {9},
 url = {http://dl.acm.org/citation.cfm?id=2999134.2999257},
 acmid = {2999257},
 publisher = {Curran Associates Inc.},
 address = {USA},
} 


% LeNet
@ARTICLE{726791, 
author={Y. {Lecun} and L. {Bottou} and Y. {Bengio} and P. {Haffner}}, 
journal={Proceedings of the IEEE}, 
title={Gradient-based learning applied to document recognition}, 
year={1998}, 
volume={86}, 
number={11}, 
pages={2278-2324}, 
keywords={optical character recognition;multilayer perceptrons;backpropagation;convolution;gradient-based learning;document recognition;multilayer neural networks;back-propagation;gradient based learning technique;complex decision surface synthesis;high-dimensional patterns;handwritten character recognition;handwritten digit recognition task;2D shape variability;document recognition systems;field extraction;segmentation recognition;language modeling;graph transformer networks;GTN;multimodule systems;performance measure minimization;cheque reading;convolutional neural network character recognizers;Neural networks;Pattern recognition;Machine learning;Optical character recognition software;Character recognition;Feature extraction;Multi-layer neural network;Optical computing;Hidden Markov models;Principal component analysis}, 
doi={10.1109/5.726791}, 
ISSN={0018-9219}, 
month={Nov},}


@article{DBLP:journals/corr/abs-1811-06861,
  author    = {Matthias Haselmann and
               Dieter P. Gruber and
               Paul Tabatabai},
  title     = {Anomaly Detection using Deep Learning based Image Completion},
  journal   = {CoRR},
  volume    = {abs/1811.06861},
  year      = {2018},
  url       = {http://arxiv.org/abs/1811.06861},
  archivePrefix = {arXiv},
  eprint    = {1811.06861},
  timestamp = {Sun, 25 Nov 2018 18:57:12 +0100},
  biburl    = {https://dblp.org/rec/bib/journals/corr/abs-1811-06861},
  bibsource = {dblp computer science bibliography, https://dblp.org}
}




@article{ERFANI2016121,
title = "High-dimensional and large-scale anomaly detection using a linear one-class SVM with deep learning",
journal = "Pattern Recognition",
volume = "58",
pages = "121 - 134",
year = "2016",
issn = "0031-3203",
doi = "https://doi.org/10.1016/j.patcog.2016.03.028",
url = "http://www.sciencedirect.com/science/article/pii/S0031320316300267",
author = "Sarah M. Erfani and Sutharshan Rajasegarar and Shanika Karunasekera and Christopher Leckie",
keywords = "Anomaly detection, Outlier detection, High-dimensional data, Deep belief net, Deep learning, One-class SVM, Feature extraction"
}


@ARTICLE{7875485, 
author={W. {Li} and G. {Wu} and Q. {Du}}, 
journal={IEEE Geoscience and Remote Sensing Letters}, 
title={Transferred Deep Learning for Anomaly Detection in Hyperspectral Imagery}, 
year={2017}, 
volume={14}, 
number={5}, 
pages={597-601}, 
keywords={geophysical image processing;geophysical techniques;hyperspectral imaging;image representation;neural nets;sampling methods;transferred deep convolutional neural network;hyperspectral imagery;reference data;anomaly detection;image scene;multilayer CNN;reference image scene;state-of-the-art representation-based detector;sparse representation-based detector;collaborative representation-based detector;Detectors;Hyperspectral imaging;Testing;Feature extraction;Machine learning;Training;Anomaly detection;convolutional neural network (CNN);deep learning;hyperspectral imagery}, 
doi={10.1109/LGRS.2017.2657818}, 
ISSN={1545-598X}, 
month={May},}


@ARTICLE{6876207, 
author={W. {Li} and Q. {Du}}, 
journal={IEEE Transactions on Geoscience and Remote Sensing}, 
title={Collaborative Representation for Hyperspectral Anomaly Detection}, 
year={2015}, 
volume={53}, 
number={3}, 
pages={1463-1474}, 
keywords={geophysical image processing;hyperspectral imaging;image representation;minimisation;remote sensing;kernel collaborative representation;optimization problem;distance-weighted regularization matrix;representation weight vector;l2-norm minimization;hyperspectral imagery;anomaly detection;Vectors;Kernel;Detectors;Hyperspectral imaging;Collaboration;Approximation methods;Anomaly detection;collaborative representation;kernel collaborative representation;hyperspectral imagery (HSI);sparse representation;Anomaly detection;collaborative representation;kernel collaborative representation;hyperspectral imagery (HSI);sparse representation}, 
doi={10.1109/TGRS.2014.2343955}, 
ISSN={0196-2892}, 
month={March},}




@ARTICLE{2013arXiv1312.6114K,
       author = {{Kingma}, Diederik P and {Welling}, Max},
        title = "{Auto-Encoding Variational Bayes}",
      journal = {arXiv e-prints},
     keywords = {Statistics - Machine Learning, Computer Science - Machine Learning},
         year = "2013",
        month = "Dec",
          eid = {arXiv:1312.6114},
        pages = {arXiv:1312.6114},
archivePrefix = {arXiv},
       eprint = {1312.6114},
 primaryClass = {stat.ML},
       adsurl = {https://ui.adsabs.harvard.edu/abs/2013arXiv1312.6114K},
      adsnote = {Provided by the SAO/NASA Astrophysics Data System}
}



@Article{Revathi2017,
author="Revathi, A.  R. 
and Kumar, Dhananjay",
title="An efficient system for anomaly detection using deep learning classifier",
journal="Signal, Image and Video Processing",
year="2017",
month="Feb",
day="01",
volume="11",
number="2",
pages="291--299",
doi="10.1007/s11760-016-0935-0",
url="https://doi.org/10.1007/s11760-016-0935-0"
}

@article{DBLP:journals/corr/SzegedyLJSRAEVR14,
  author    = {Christian Szegedy and
               Wei Liu and
               Yangqing Jia and
               Pierre Sermanet and
               Scott E. Reed and
               Dragomir Anguelov and
               Dumitru Erhan and
               Vincent Vanhoucke and
               Andrew Rabinovich},
  title     = {Going Deeper with Convolutions},
  journal   = {CoRR},
  volume    = {abs/1409.4842},
  year      = {2014},
  url       = {http://arxiv.org/abs/1409.4842},
  archivePrefix = {arXiv},
  eprint    = {1409.4842},
  timestamp = {Mon, 13 Aug 2018 16:48:52 +0200},
  biburl    = {https://dblp.org/rec/bib/journals/corr/SzegedyLJSRAEVR14},
  bibsource = {dblp computer science bibliography, https://dblp.org}
}


@article{DBLP:journals/corr/HeZRS15,
  author    = {Kaiming He and
               Xiangyu Zhang and
               Shaoqing Ren and
               Jian Sun},
  title     = {Deep Residual Learning for Image Recognition},
  journal   = {CoRR},
  volume    = {abs/1512.03385},
  year      = {2015},
  url       = {http://arxiv.org/abs/1512.03385},
  archivePrefix = {arXiv},
  eprint    = {1512.03385},
  timestamp = {Wed, 17 Apr 2019 17:23:45 +0200},
  biburl    = {https://dblp.org/rec/bib/journals/corr/HeZRS15},
  bibsource = {dblp computer science bibliography, https://dblp.org}
}


@ARTICLE{2014arXiv1406.2661G,
       author = {{Goodfellow}, Ian J. and {Pouget-Abadie}, Jean and {Mirza}, Mehdi and
         {Xu}, Bing and {Warde-Farley}, David and {Ozair}, Sherjil and
         {Courville}, Aaron and {Bengio}, Yoshua},
        title = "{Generative Adversarial Networks}",
      journal = {arXiv e-prints},
     keywords = {Statistics - Machine Learning, Computer Science - Machine Learning},
         year = "2014",
        month = "Jun",
          eid = {arXiv:1406.2661},
        pages = {arXiv:1406.2661},
archivePrefix = {arXiv},
       eprint = {1406.2661},
 primaryClass = {stat.ML},
       adsurl = {https://ui.adsabs.harvard.edu/abs/2014arXiv1406.2661G},
      adsnote = {Provided by the SAO/NASA Astrophysics Data System}
}


@online{amd,
  author = {Dave James},
  title = {{Even without Navi AMD is gaining GPU market shareâ€¦ just not from Nvidia} Kernel Description},
  year = 2019,
  url = {https://www.pcgamesn.com/amd/gpu-market-share-gains-from-intel-not-nvidia},
  urldate = {2019-01-07}
}

    
@inproceedings{russians,
  title={A Method Of Periodic Pattern Detection On Document Images},
  author={Timofey S. Chernov and Vitali M. Kliatskine and Dmitry P. Nikolaev},
  booktitle={ECMS},
  year={2015}
}

@article{transform1,
  title={Methods for automatic extraction of regularity patterns and its application to object-oriented image classification},
  author={Ruiz, Luis A and Recio, Jorge A and Hermosilla, Txomin},
  journal={International Archives of Photogrammetry, Remote Sensing and Spatial Information Sciences, XXXVI, Munich, Germany},
  pages={117--121},
  year={2007}
}


@article{transform2,
  title={Periodicity Extraction using Superposition of Distance Matching Function and One-dimensional Haar Wavelet Transform},
  author={Asha, V and Bhajantri, Nagappa U and Nagabhushan, P},
  journal={arXiv preprint arXiv:1311.3808},
  year={2013}
}